<record><leader>00000cas a22000007a 4500</leader><controlfield tag="001">12497866</controlfield><controlfield tag="008">850906d18661869oruwr ne      0    0eng  </controlfield><controlfield tag="009">466</controlfield><datafield ind1=" " ind2=" " tag="010"><subfield code="a">sn 85042466 </subfield></datafield><datafield ind1=" " ind2=" " tag="040"><subfield code="a">DLC</subfield><subfield code="b">eng</subfield><subfield code="c">DLC</subfield><subfield code="d">CNK</subfield><subfield code="d">OCN</subfield><subfield code="d">DLC</subfield><subfield code="d">OCL</subfield><subfield code="d">DLC</subfield><subfield code="d">OCLCF</subfield></datafield><datafield ind1=" " ind2=" " tag="042"><subfield code="a">msc</subfield></datafield><datafield ind1=" " ind2=" " tag="043"><subfield code="a">n-us-or</subfield></datafield><datafield ind1="0" ind2="0" tag="050"><subfield code="a">Newspaper</subfield></datafield><datafield ind1="0" ind2=" " tag="130"><subfield code="a">American unionist (Salem, Or.)</subfield></datafield><datafield ind1="1" ind2="4" tag="245"><subfield code="a">The American unionist.</subfield></datafield><datafield ind1="3" ind2="0" tag="246"><subfield code="a">Unionist</subfield></datafield><datafield ind1="1" ind2="3" tag="246"><subfield code="a">Weekly American unionist</subfield><subfield code="f">&lt;1868-1869&gt;</subfield></datafield><datafield ind1="1" ind2="7" tag="246"><subfield code="a">Weekly unionist</subfield><subfield code="f">&lt;1868&gt;</subfield></datafield><datafield ind1=" " ind2=" " tag="260"><subfield code="a">Salem, Or. :</subfield><subfield code="b">W.A. McPherson &amp; Wm. Morgan,</subfield><subfield code="c">1866-1869.</subfield></datafield><datafield ind1=" " ind2=" " tag="300"><subfield code="a">v.</subfield></datafield><datafield ind1=" " ind2=" " tag="310"><subfield code="a">Weekly</subfield></datafield><datafield ind1="0" ind2=" " tag="362"><subfield code="a">Vol. 1, no. 1 (Aug. 27, 1866)-v. 3, no. 50 (July 31, 1869).</subfield></datafield><datafield ind1=" " ind2=" " tag="500"><subfield code="a">"Official paper of Oregon."</subfield></datafield><datafield ind1=" " ind2=" " tag="525"><subfield code="a">Has occasional supplements.</subfield></datafield><datafield ind1=" " ind2="0" tag="651"><subfield code="a">Salem (Or.)</subfield><subfield code="v">Newspapers.</subfield></datafield><datafield ind1=" " ind2="0" tag="651"><subfield code="a">Marion County (Or.)</subfield><subfield code="v">Newspapers.</subfield></datafield><datafield ind1=" " ind2="7" tag="655"><subfield code="a">Newspapers.</subfield><subfield code="2">fast</subfield><subfield code="0">(OCoLC)fst01423814</subfield></datafield><datafield ind1=" " ind2="7" tag="651"><subfield code="a">Oregon</subfield><subfield code="z">Marion County.</subfield><subfield code="2">fast</subfield><subfield code="0">(OCoLC)fst01206529</subfield></datafield><datafield ind1=" " ind2="7" tag="651"><subfield code="a">Oregon</subfield><subfield code="z">Salem.</subfield><subfield code="2">fast</subfield><subfield code="0">(OCoLC)fst01202924</subfield></datafield><datafield ind1=" " ind2=" " tag="752"><subfield code="a">United States</subfield><subfield code="b">Oregon</subfield><subfield code="c">Marion</subfield><subfield code="d">Salem.</subfield></datafield><datafield ind1="0" ind2=" " tag="775"><subfield code="t">Daily American unionist</subfield><subfield code="w">(DLC)sn 94052331</subfield><subfield code="w">(OCoLC)30655750</subfield></datafield><datafield ind1="0" ind2="5" tag="780"><subfield code="t">Oregon statesman (Oregon City, Or.)</subfield><subfield code="w">(DLC)sn 83025131</subfield><subfield code="w">(OCoLC)9270643</subfield></datafield><datafield ind1="0" ind2="0" tag="785"><subfield code="t">Weekly Oregon unionist</subfield><subfield code="w">(DLC)sn 94052327</subfield><subfield code="w">(OCoLC)30655565</subfield></datafield></record>